<record><leader>00000cas a2200000 a 4500</leader><controlfield tag="001">37629334</controlfield><controlfield tag="008">970916d18981906miuwr n       0    0eng c</controlfield><datafield ind1=" " ind2=" " tag="010"><subfield code="a">sn 97063342 </subfield></datafield><datafield ind1=" " ind2=" " tag="040"><subfield code="a">MHN</subfield><subfield code="b">eng</subfield><subfield code="c">MHN</subfield><subfield code="d">OCL</subfield><subfield code="d">OCLCQ</subfield><subfield code="d">OCLCF</subfield><subfield code="d">OCLCO</subfield></datafield><datafield ind1="1" ind2=" " tag="029"><subfield code="a">AU@</subfield><subfield code="b">000013497114</subfield></datafield><datafield ind1=" " ind2=" " tag="042"><subfield code="a">pcc</subfield></datafield><datafield ind1=" " ind2=" " tag="043"><subfield code="a">n-us-mi</subfield></datafield><datafield ind1="0" ind2="0" tag="245"><subfield code="a">Ann Arbor argus-Democrat.</subfield></datafield><datafield ind1="1" ind2="3" tag="246"><subfield code="a">Argus-Democrat and Ypsilanti weekly times</subfield></datafield><datafield ind1=" " ind2=" " tag="260"><subfield code="a">Ann Arbor, Mich. :</subfield><subfield code="b">Democrat Pub. Co.</subfield></datafield><datafield ind1=" " ind2=" " tag="300"><subfield code="a">v.</subfield></datafield><datafield ind1=" " ind2=" " tag="310"><subfield code="a">Weekly</subfield></datafield><datafield ind1="1" ind2=" " tag="362"><subfield code="a">Began in 1898; ceased in 1906.</subfield></datafield><datafield ind1=" " ind2=" " tag="580"><subfield code="a">Formed by the union of: Ann Arbor argus (Ann Arbor, Mich. : 1879), and: Ann Arbor Democrat (Ann Arbor, Mich. : 1878).</subfield></datafield><datafield ind1=" " ind2=" " tag="580"><subfield code="a">Daily ed.: Ann Arbor daily argus.</subfield></datafield><datafield ind1=" " ind2=" " tag="588"><subfield code="a">Description based on: Vol. 63, no. 41 (Oct. 14, 1898)=whole no. 3413.</subfield></datafield><datafield ind1=" " ind2="0" tag="651"><subfield code="a">Ann Arbor (Mich.)</subfield><subfield code="v">Newspapers.</subfield></datafield><datafield ind1=" " ind2="0" tag="651"><subfield code="a">Washtenaw County (Mich.)</subfield><subfield code="v">Newspapers.</subfield></datafield><datafield ind1=" " ind2="7" tag="655"><subfield code="a">Newspapers.</subfield><subfield code="2">fast</subfield><subfield code="0">(OCoLC)fst01423814</subfield></datafield><datafield ind1=" " ind2="7" tag="651"><subfield code="a">Michigan</subfield><subfield code="z">Ann Arbor.</subfield><subfield code="2">fast</subfield><subfield code="0">(OCoLC)fst01204587</subfield></datafield><datafield ind1=" " ind2="7" tag="651"><subfield code="a">Michigan</subfield><subfield code="z">Washtenaw County.</subfield><subfield code="2">fast</subfield><subfield code="0">(OCoLC)fst01214739</subfield></datafield><datafield ind1=" " ind2=" " tag="752"><subfield code="a">United States</subfield><subfield code="b">Michigan</subfield><subfield code="c">Washtenaw</subfield><subfield code="d">Ann Arbor.</subfield></datafield><datafield ind1="1" ind2=" " tag="775"><subfield code="t">Ann Arbor daily argus</subfield><subfield code="w">(DLC)sn 97063370</subfield><subfield code="w">(OCoLC)37641580</subfield></datafield><datafield ind1="1" ind2="4" tag="780"><subfield code="t">Ann Arbor argus (Ann Arbor, Mich. : 1879)</subfield><subfield code="w">(DLC)sn 97063339</subfield><subfield code="w">(OCoLC)37626665</subfield></datafield><datafield ind1="1" ind2="4" tag="780"><subfield code="t">Ann Arbor Democrat (Ann Arbor, Mich. : 1878)</subfield><subfield code="w">(DLC)sn 97063341</subfield><subfield code="w">(OCoLC)37643201</subfield></datafield><datafield ind1="1" ind2="7" tag="785"><subfield code="t">Ann Arbor weekly argus</subfield><subfield code="w">(DLC)sn 98066345</subfield><subfield code="w">(OCoLC)39365640</subfield></datafield></record>